<record><leader>00000cas a2200000 a 4500</leader><controlfield tag="001">35554287</controlfield><controlfield tag="008">960913d19841990azudn ne      0   a0eng d</controlfield><datafield ind1=" " ind2=" " tag="010"><subfield code="a">sn 96060550 </subfield></datafield><datafield ind1=" " ind2=" " tag="040"><subfield code="a">ANN</subfield><subfield code="b">eng</subfield><subfield code="c">ANN</subfield><subfield code="d">NSD</subfield><subfield code="d">OCLCQ</subfield><subfield code="d">OCLCO</subfield></datafield><datafield ind1=" " ind2=" " tag="012"><subfield code="m">d</subfield></datafield><datafield ind1="1" ind2=" " tag="022"><subfield code="a">0746-9764</subfield><subfield code="l">0746-9764</subfield><subfield code="2">1</subfield></datafield><datafield ind1="1" ind2=" " tag="029"><subfield code="a">AU@</subfield><subfield code="b">000012845005</subfield></datafield><datafield ind1=" " ind2=" " tag="042"><subfield code="a">msc</subfield><subfield code="a">nsdp</subfield></datafield><datafield ind1=" " ind2=" " tag="043"><subfield code="a">n-us-az</subfield></datafield><datafield ind1="0" ind2=" " tag="130"><subfield code="a">Mohave daily miner (Kingman, Ariz. : 1984)</subfield></datafield><datafield ind1=" " ind2="4" tag="222"><subfield code="a">The Mohave daily miner</subfield><subfield code="b">(Kingman, Ariz. : 1984)</subfield></datafield><datafield ind1="1" ind2="4" tag="245"><subfield code="a">The Mohave daily miner.</subfield></datafield><datafield ind1=" " ind2=" " tag="260"><subfield code="a">Kingman, Ariz. :</subfield><subfield code="b">Mohave Daily Miner,</subfield><subfield code="c">1984-1990.</subfield></datafield><datafield ind1=" " ind2=" " tag="300"><subfield code="a">v.</subfield></datafield><datafield ind1=" " ind2=" " tag="310"><subfield code="a">Daily (except Sat.)</subfield></datafield><datafield ind1="0" ind2=" " tag="362"><subfield code="a">Vol. 101, no. 335 (Nov. 30, 1984)-108th year, no. 308 (Oct. 25, 1990).</subfield></datafield><datafield ind1=" " ind2=" " tag="500"><subfield code="a">Includes weekend supplement.</subfield></datafield><datafield ind1=" " ind2=" " tag="580"><subfield code="a">Includes magazine supplement "Mohave."</subfield></datafield><datafield ind1=" " ind2="0" tag="651"><subfield code="a">Kingman (Ariz.)</subfield><subfield code="v">Newspapers.</subfield></datafield><datafield ind1=" " ind2="0" tag="651"><subfield code="a">Mohave County (Ala.)</subfield><subfield code="v">Newspapers.</subfield></datafield><datafield ind1=" " ind2=" " tag="752"><subfield code="a">United States</subfield><subfield code="b">Arizona</subfield><subfield code="c">Mohave</subfield><subfield code="d">Kingman.</subfield></datafield><datafield ind1="0" ind2=" " tag="770"><subfield code="t">Mohave</subfield><subfield code="w">(DLC)sn 00060091</subfield></datafield><datafield ind1="0" ind2="0" tag="780"><subfield code="t">Mohave daily miner and Kingman daily miner</subfield><subfield code="w">(DLC)sn 84009854</subfield></datafield><datafield ind1="0" ind2="0" tag="785"><subfield code="t">Kingman daily miner (Kingman, Ariz. : 1990)</subfield><subfield code="w">(DLC)sn 96060551</subfield></datafield></record>